@COMMENT{
	tipos de entradas mais comuns = {},
	article = {artigo em periódico},
	book = {livro},
	online = {recurso online ou página web}
}


@article{Crawford1997,
	author = {Crawford.C},
	title = {The Art of Computer Game Design},
	pages = {1-9},
	year = {1997}
}


@book{Parlett1990,
	author = {Parlett, David Sidney},
	title = {Card Games: History and Social Aspects},
	publisher = {Oxford University Press},
	year = {1990},
	topics = {Card games -- History, Card games -- Social aspects},
	collection = {internetarchivebooks; inlibrary; printdisabled},
	contributor = {Internet Archive}
}


@book{Suits1978,
	author = {Suits, Bernard},
	title = {The Grasshopper: Games, Life, and Utopia},
	publisher = {University of Toronto Press},
	year = {1978}
}


@book{Juul2005,
	author = {Juul, Jesper},
	title = {Half-Real: Videogames Between Real Rules and Fictional Worlds},
	publisher = {MIT Press},
	year = {2005}
}


@article{Apperley2006,
	author = {Apperley, Thomas},
	title = {Genre and Game Studies: Toward a Critical Approach to Video Game Genres},
	journal = {Simulation & Gaming},
	volume = {37},
	number = {1},
	pages = {6--23},
	year = {2006},
	doi = {10.1177/1046878105282278}
}



@article{Mason2004,
	author = {Mason, Paul},
	title = {From Bits to Hits: Video Games and the Consolisation of Culture},
	journal = {Journal of Media Practice},
	volume = {5},
	number = {3},
	pages = {163--172},
	year = {2004},
}

@online{GodotDocs2024,
	title = {Godot Engine Documentation},
	author = {{Godot Engine Community}},
	year = {2024},
	note = {Available at: \url{https://docs.godotengine.org/en/stable/about/introduction.html}},
	organization = {Godot Engine},
	howpublished = {\url{https://docs.godotengine.org/en/stable/about/introduction.html}}
}

@book{Bradfield2018,
	author = {Bradfield, Chris},
	title = {Godot Engine Game Development Projects},
	publisher = {Packt Publishing},
	year = {2018},
	isbn = {9781788831505}
}


@article{Hussain2020,
	author = {Hussain, A. and others},
	title = {Unity game development engine: A technical survey},
	journal = {University of Sindh Journal of Information and Communication Technology},
	volume = {4},
	number = {2},
	pages = {73--81},
	year = {2020},
}

@bachelorsthesis{Smid2017,
	author = {Šmíd, A.},
	title = {Comparison of Unity and Unreal Engine},
	school = {Czech Technical University in Prague},
	year = {2017},
	pages = {41--61},
}


@inproceedings{CluaBittencourt2005,
	author = {Clua, Esteban Walter Gonzalez and Bittencourt, João Ricardo},
	title = {Desenvolvimento de Jogos 3D: Concepção, Design e Programação},
	booktitle = {Anais da XXIV Jornada de Atualização em Informática do Congresso da Sociedade Brasileira de Computação},
	year = {2005},
	address = {São Leopoldo, Brasil},
	pages = {1313--1357},
}